<?xml version="1.0" encoding="UTF-8" ?>
<collection xmlns:xsi="http://www.w3.org/2001/XMLSchema-instance"
    xsi:schemaLocation="http://www.loc.gov/MARC21/slim
        http://www.loc.gov/standards/marcxml/schema/MARC21slim.xsd"
    xmlns="http://www.loc.gov/MARC21/slim">
<record>
  <leader>00217cam a2200397 i 4500</leader>
  <controlfield tag="001">b12472098</controlfield>
  <controlfield tag="003">LeBAU</controlfield>
  <controlfield tag="005">20191212</controlfield>
  <controlfield tag="008">110524s1954    iq            100 0 ara d</controlfield>
  <datafield tag="035" ind1=" " ind2=" ">
    <subfield code="a">ocn784332422</subfield>
  </datafield>
  <datafield tag="040" ind1=" " ind2=" ">
    <subfield code="a">LEAUB</subfield>
    <subfield code="b">ara</subfield>
    <subfield code="e">rda</subfield>
    <subfield code="c">LEAUB</subfield>
    <subfield code="d">LEAUB</subfield>
  </datafield>
  <datafield tag="082" ind1="0" ind2="4">
    <subfield code="a">382.0956</subfield>
    <subfield code="2">23</subfield>
  </datafield>
  <datafield tag="111" ind1="2" ind2=" ">
    <subfield code="6">880-01</subfield>
    <subfield code="a">Muʼtamar Ghuraf al-Tijārah wa-al-Ṣināʻah wa-al-Zirāʻah lil-Bilād al-ʻArabīyah</subfield>
    <subfield code="n">(4 :</subfield>
    <subfield code="d">1954 :</subfield>
    <subfield code="c">Baghdād, Iraq)</subfield>
  </datafield>
  <datafield tag="245" ind1="1" ind2="0">
    <subfield code="6">880-02</subfield>
    <subfield code="a">Muʼtamar Ghuraf al-Tijārah wa-al-Ṣināʻah wa-al-Zirāʻah lil-Bilād al-ʻArabīyah :</subfield>
    <subfield code="b">maḥāḍir al-jalsāt lil-dawrah al-rābiʻah al-munʻaqidah fī Baghdād bi-riʻāyat Jalālat al-Malik Fayṣal al-Awwal al-Muʻaẓẓam, Baghdād, 23-26 Tishrīn al-Awwal (Uktūbir) 1954, 25-28 Ṣafar 1374.</subfield>
  </datafield>
  <datafield tag="264" ind1=" " ind2="1">
    <subfield code="6">880-03</subfield>
    <subfield code="a">[Baghdād] :</subfield>
    <subfield code="b">[publisher not identified],</subfield>
    <subfield code="c">1374 [H.] = 1954 [M.]</subfield>
  </datafield>
  <datafield tag="300" ind1=" " ind2=" ">
    <subfield code="6">880-04</subfield>
    <subfield code="a">112 pages ;</subfield>
    <subfield code="c">27 cm</subfield>
  </datafield>
  <datafield tag="336" ind1=" " ind2=" ">
    <subfield code="a">text</subfield>
    <subfield code="b">txt</subfield>
    <subfield code="2">rdacontent</subfield>
  </datafield>
  <datafield tag="337" ind1=" " ind2=" ">
    <subfield code="a">unmediated</subfield>
    <subfield code="b">n</subfield>
    <subfield code="2">rdamedia</subfield>
  </datafield>
  <datafield tag="338" ind1=" " ind2=" ">
    <subfield code="a">volume</subfield>
    <subfield code="b">nc</subfield>
    <subfield code="2">rdacarrier</subfield>
  </datafield>
  <datafield tag="650" ind1=" " ind2="4">
    <subfield code="a">الصناعات</subfield>
    <subfield code="z">البلدان العربية</subfield>
    <subfield code="v">مؤتمرات.</subfield>
  </datafield>
  <datafield tag="650" ind1=" " ind2="0">
    <subfield code="a">Industries</subfield>
    <subfield code="z">Arab countries</subfield>
    <subfield code="v">Congresses.</subfield>
  </datafield>
  <datafield tag="651" ind1=" " ind2="4">
    <subfield code="a">البلدان العربية</subfield>
    <subfield code="x">التجارة</subfield>
    <subfield code="v">مؤتمرات.</subfield>
  </datafield>
  <datafield tag="651" ind1=" " ind2="4">
    <subfield code="a">البلدان العربية</subfield>
    <subfield code="x">الأحوال الاقتصادية</subfield>
    <subfield code="v">مؤتمرات.</subfield>
  </datafield>
  <datafield tag="651" ind1=" " ind2="4">
    <subfield code="a">البلدان العربية</subfield>
    <subfield code="x">السياسة التجارية</subfield>
    <subfield code="v">مؤتمرات.</subfield>
  </datafield>
  <datafield tag="651" ind1=" " ind2="0">
    <subfield code="a">Arab countries</subfield>
    <subfield code="x">Commerce</subfield>
    <subfield code="v">Congresses.</subfield>
  </datafield>
  <datafield tag="651" ind1=" " ind2="0">
    <subfield code="a">Arab countries</subfield>
    <subfield code="x">Economic conditions</subfield>
    <subfield code="v">Congresses.</subfield>
  </datafield>
  <datafield tag="651" ind1=" " ind2="0">
    <subfield code="a">Arab countries</subfield>
    <subfield code="x">Commercial policy</subfield>
    <subfield code="v">Congresses.</subfield>
  </datafield>
  <datafield tag="852" ind1=" " ind2=" ">
    <subfield code="a">Jafet Library</subfield>
    <subfield code="e">American University of Beirut, Bliss Street , Beirut, Lebanon.</subfield>
  </datafield>
  <datafield tag="880" ind1="2" ind2=" ">
    <subfield code="6">111-01/(3/r</subfield>
    <subfield code="a">مؤتمر غرف التجارة والصناعة والزراعة للبلاد العربية</subfield>
    <subfield code="n">(4 :</subfield>
    <subfield code="d">1954 :</subfield>
    <subfield code="c">بغداد، العراق)</subfield>
  </datafield>
  <datafield tag="880" ind1="1" ind2="0">
    <subfield code="6">245-02/(3/r</subfield>
    <subfield code="a">مؤتمر غرف التجارة والصناعة والزراعة للبلاد العربية :</subfield>
    <subfield code="b">محاضر الجلسات للدورة الرابعة المنعقدة في بغداد برعاية جلالة الملك فيصل الاول المعظم، بغداد،  23-26 تشرين الاول (اكتوبر) 1954، 25-28 صفر 1374.</subfield>
  </datafield>
  <datafield tag="880" ind1=" " ind2="1">
    <subfield code="6">264-03/(3/r</subfield>
    <subfield code="a">[بغداد] :</subfield>
    <subfield code="b">[الناشر غير محدد]،</subfield>
    <subfield code="c">1374 [هـ.] = 1954 [م.]</subfield>
  </datafield>
  <datafield tag="880" ind1=" " ind2=" ">
    <subfield code="6">300-04/(3/r</subfield>
    <subfield code="a">112 صفحة ؛</subfield>
    <subfield code="c">27 سم</subfield>
  </datafield>
  <datafield tag="907" ind1=" " ind2=" ">
    <subfield code="a">.b12472098</subfield>
    <subfield code="b">19-12-12</subfield>
    <subfield code="c">11-05-24</subfield>
  </datafield>
  <datafield tag="907" ind1=" " ind2=" ">
    <subfield code="a">.b12472098</subfield>
    <subfield code="b">11-10-11</subfield>
    <subfield code="c">11-05-24</subfield>
  </datafield>
  <datafield tag="945" ind1=" " ind2=" ">
    <subfield code="f">J</subfield>
    <subfield code="a">382.0956:M992m4A</subfield>
    <subfield code="g">1</subfield>
    <subfield code="i">01024139</subfield>
    <subfield code="j">.i12955620</subfield>
    <subfield code="l">u0503</subfield>
  </datafield>
  <datafield tag="998" ind1=" " ind2=" ">
    <subfield code="a">u05</subfield>
    <subfield code="b">97-05-30</subfield>
    <subfield code="c">m</subfield>
    <subfield code="d">a  </subfield>
    <subfield code="e">-</subfield>
    <subfield code="f">ara</subfield>
    <subfield code="g">iq </subfield>
    <subfield code="h">0</subfield>
    <subfield code="i">1</subfield>
  </datafield>
</record>
</collection>
